<?xml version="1.0" encoding="UTF-8"?><record xmlns="http://www.loc.gov/MARC21/slim" xmlns:cinclude="http://apache.org/cocoon/include/1.0" xmlns:zs="http://www.loc.gov/zing/srw/">
  <leader>01399cz  a2200241n  4500</leader>
  <controlfield tag="001">n  96047090 </controlfield>
  <controlfield tag="003">DLC</controlfield>
  <controlfield tag="005">20130302074859.0</controlfield>
  <controlfield tag="008">960513n| azannaabn          |n aaa      </controlfield>
  <datafield tag="010" ind1=" " ind2=" ">
    <subfield code="a">n  96047090 </subfield>
  </datafield>
  <datafield tag="035" ind1=" " ind2=" ">
    <subfield code="a">(OCoLC)oca04077263</subfield>
  </datafield>
  <datafield tag="040" ind1=" " ind2=" ">
    <subfield code="a">DLC</subfield>
    <subfield code="b">eng</subfield>
    <subfield code="e">rda</subfield>
    <subfield code="c">DLC</subfield>
    <subfield code="d">MoSU</subfield>
    <subfield code="d">NNC</subfield>
  </datafield>
  <datafield tag="046" ind1=" " ind2=" ">
    <subfield code="f">1966</subfield>
  </datafield>
  <datafield tag="100" ind1="1" ind2=" ">
    <subfield code="a">Beuckers, Klaus Gereon,</subfield>
    <subfield code="d">1966-</subfield>
  </datafield>
  <datafield tag="370" ind1=" " ind2=" ">
    <subfield code="a">Cologne, Germany</subfield>
    <subfield code="c">Germany</subfield>
  </datafield>
  <datafield tag="372" ind1=" " ind2=" ">
    <subfield code="a">Art--History</subfield>
    <subfield code="a">Middle Ages</subfield>
    <subfield code="a">Religions</subfield>
    <subfield code="a">Theology</subfield>
    <subfield code="2">lcsh</subfield>
  </datafield>
  <datafield tag="373" ind1=" " ind2=" ">
    <subfield code="a">Universität Kiel</subfield>
    <subfield code="2">naf</subfield>
  </datafield>
  <datafield tag="374" ind1=" " ind2=" ">
    <subfield code="a">Art historians</subfield>
    <subfield code="2">lcsh</subfield>
  </datafield>
  <datafield tag="375" ind1=" " ind2=" ">
    <subfield code="a">male</subfield>
  </datafield>
  <datafield tag="377" ind1=" " ind2=" ">
    <subfield code="a">ger</subfield>
  </datafield>
  <datafield tag="670" ind1=" " ind2=" ">
    <subfield code="a">Die Ezzonen und ihre Stiftungen, 1993:</subfield>
    <subfield code="b">t.p. (Klaus Gereon Beuckers) p. 4 of cover (b. 1966; Magister)</subfield>
  </datafield>
  <datafield tag="670" ind1=" " ind2=" ">
    <subfield code="a">Buchschätze des Mittelalters, 2011:</subfield>
    <subfield code="b">t.p. (Klaus Gereon Beuckers) p. 311 (Prof. Dr. Klaus Gereon Beuckers, Christian-Albrechts-Universität zu Kiel, Kunsthistorisches Institut)</subfield>
  </datafield>
  <datafield tag="670" ind1=" " ind2=" ">
    <subfield code="a">Kirche und Kloster, Architektur und Liturgie im Mittelalter, 2012:</subfield>
    <subfield code="b">title page (Klaus Gereon Beuckers) page 233 (Prof. Dr.; born 1966 in Cologne; studied art history, medieval and early modern history, comparative religions and Catholic theology in Bonn, Mainz and Cologne; teaching assignments, art institutes of U. Karlsruhe and Stuttgart; since 2008 chair of the Kunsthistorisches Institut der Christian-Albrechts-Universität zu Kiel; areas of interest: medieval sacred art (9th-12th cent.), art post 1945)</subfield>
  </datafield>
</record>